<record><leader>00000cas a22000007a 4500</leader><controlfield tag="001">12619378</controlfield><controlfield tag="008">850930d18941899iaudn ne      0    0eng d</controlfield><datafield ind1=" " ind2=" " tag="010"><subfield code="a">sn 85050938 </subfield></datafield><datafield ind1=" " ind2=" " tag="040"><subfield code="a">INP</subfield><subfield code="b">eng</subfield><subfield code="c">INP</subfield><subfield code="d">OCLCQ</subfield><subfield code="d">DLC</subfield></datafield><datafield ind1=" " ind2=" " tag="042"><subfield code="a">msc</subfield></datafield><datafield ind1="0" ind2="0" tag="245"><subfield code="a">Webster City daily freeman.</subfield></datafield><datafield ind1="3" ind2="0" tag="246"><subfield code="a">Daily freeman</subfield></datafield><datafield ind1=" " ind2=" " tag="250"><subfield code="a">Daily ed.</subfield></datafield><datafield ind1=" " ind2=" " tag="260"><subfield code="a">Webster City, Iowa :</subfield><subfield code="b">[s.n.],</subfield><subfield code="c">1894-</subfield></datafield><datafield ind1=" " ind2=" " tag="300"><subfield code="a">v. :</subfield><subfield code="b">ill. ;</subfield><subfield code="c">64 cm.</subfield></datafield><datafield ind1=" " ind2=" " tag="310"><subfield code="a">Daily (except Sunday)</subfield></datafield><datafield ind1="0" ind2=" " tag="362"><subfield code="a">Vol. 1, no. 1 (Nov. 9, 1894)-</subfield></datafield><datafield ind1="1" ind2=" " tag="362"><subfield code="a">Ceased in 1899.</subfield><subfield code="z">Cf. Bibl. of Iowa newspapers.</subfield></datafield><datafield ind1=" " ind2=" " tag="500"><subfield code="a">Publishers: Hunter &amp; Hunter, &lt;July 16-Dec. 31, 1896&gt;.</subfield></datafield><datafield ind1=" " ind2=" " tag="752"><subfield code="a">United States</subfield><subfield code="b">Iowa</subfield><subfield code="c">Hamilton</subfield><subfield code="d">Webster City.</subfield></datafield><datafield ind1="0" ind2=" " tag="775"><subfield code="t">Webster City freeman (Webster City, Iowa : 1884)</subfield><subfield code="x">2375-3358</subfield><subfield code="w">(DLC)sn 85050913</subfield><subfield code="w">(OCoLC)12610266</subfield></datafield><datafield ind1="0" ind2="7" tag="785"><subfield code="t">Evening tribune (Webster City, Iowa)</subfield><subfield code="w">(DLC)sn 85050936</subfield></datafield><datafield ind1="0" ind2="7" tag="785"><subfield code="t">Daily freeman-tribune</subfield><subfield code="w">(DLC)sn 85050914</subfield></datafield></record>